%YAML 1.1
%TAG !u! tag:unity3d.com,2011:
--- !u!1 &4149131823415489808
GameObject:
  m_ObjectHideFlags: 0
  m_CorrespondingSourceObject: {fileID: 0}
  m_PrefabInstance: {fileID: 0}
  m_PrefabAsset: {fileID: 0}
  serializedVersion: 6
  m_Component:
  - component: {fileID: 4149131823415489807}
  - component: {fileID: 4149131823415489804}
  - component: {fileID: 4149131823415489805}
  - component: {fileID: 4149131823415489806}
  - component: {fileID: 4149131823415489803}
  m_Layer: 5
  m_Name: btnToggleDebugger
  m_TagString: Untagged
  m_Icon: {fileID: 0}
  m_NavMeshLayer: 0
  m_StaticEditorFlags: 0
  m_IsActive: 1
--- !u!224 &4149131823415489807
RectTransform:
  m_ObjectHideFlags: 0
  m_CorrespondingSourceObject: {fileID: 0}
  m_PrefabInstance: {fileID: 0}
  m_PrefabAsset: {fileID: 0}
  m_GameObject: {fileID: 4149131823415489808}
  m_LocalRotation: {x: -0, y: -0, z: -0, w: 1}
  m_LocalPosition: {x: 0, y: 0, z: 0}
  m_LocalScale: {x: 1, y: 1, z: 1}
  m_Children:
  - {fileID: 4149131824454839267}
  m_Father: {fileID: 4149131824246222475}
  m_RootOrder: 1
  m_LocalEulerAnglesHint: {x: 0, y: 0, z: 0}
  m_AnchorMin: {x: 0, y: 0}
  m_AnchorMax: {x: 0, y: 0}
  m_AnchoredPosition: {x: 70, y: 25}
  m_SizeDelta: {x: 100, y: 30}
  m_Pivot: {x: 0.5, y: 0.5}
--- !u!222 &4149131823415489804
CanvasRenderer:
  m_ObjectHideFlags: 0
  m_CorrespondingSourceObject: {fileID: 0}
  m_PrefabInstance: {fileID: 0}
  m_PrefabAsset: {fileID: 0}
  m_GameObject: {fileID: 4149131823415489808}
  m_CullTransparentMesh: 1
--- !u!114 &4149131823415489805
MonoBehaviour:
  m_ObjectHideFlags: 0
  m_CorrespondingSourceObject: {fileID: 0}
  m_PrefabInstance: {fileID: 0}
  m_PrefabAsset: {fileID: 0}
  m_GameObject: {fileID: 4149131823415489808}
  m_Enabled: 1
  m_EditorHideFlags: 0
  m_Script: {fileID: 11500000, guid: fe87c0e1cc204ed48ad3b37840f39efc, type: 3}
  m_Name: 
  m_EditorClassIdentifier: 
  m_Material: {fileID: 0}
  m_Color: {r: 1, g: 1, b: 1, a: 1}
  m_RaycastTarget: 1
  m_RaycastPadding: {x: 0, y: 0, z: 0, w: 0}
  m_Maskable: 1
  m_OnCullStateChanged:
    m_PersistentCalls:
      m_Calls: []
  m_Sprite: {fileID: 10905, guid: 0000000000000000f000000000000000, type: 0}
  m_Type: 1
  m_PreserveAspect: 0
  m_FillCenter: 1
  m_FillMethod: 4
  m_FillAmount: 1
  m_FillClockwise: 1
  m_FillOrigin: 0
  m_UseSpriteMesh: 0
  m_PixelsPerUnitMultiplier: 1
--- !u!114 &4149131823415489806
MonoBehaviour:
  m_ObjectHideFlags: 0
  m_CorrespondingSourceObject: {fileID: 0}
  m_PrefabInstance: {fileID: 0}
  m_PrefabAsset: {fileID: 0}
  m_GameObject: {fileID: 4149131823415489808}
  m_Enabled: 1
  m_EditorHideFlags: 0
  m_Script: {fileID: 11500000, guid: 4e29b1a8efbd4b44bb3f3716e73f07ff, type: 3}
  m_Name: 
  m_EditorClassIdentifier: 
  m_Navigation:
    m_Mode: 3
    m_WrapAround: 0
    m_SelectOnUp: {fileID: 0}
    m_SelectOnDown: {fileID: 0}
    m_SelectOnLeft: {fileID: 0}
    m_SelectOnRight: {fileID: 0}
  m_Transition: 1
  m_Colors:
    m_NormalColor: {r: 1, g: 1, b: 1, a: 1}
    m_HighlightedColor: {r: 0.9607843, g: 0.9607843, b: 0.9607843, a: 1}
    m_PressedColor: {r: 0.78431374, g: 0.78431374, b: 0.78431374, a: 1}
    m_SelectedColor: {r: 0.9607843, g: 0.9607843, b: 0.9607843, a: 1}
    m_DisabledColor: {r: 0.78431374, g: 0.78431374, b: 0.78431374, a: 0.5019608}
    m_ColorMultiplier: 1
    m_FadeDuration: 0.1
  m_SpriteState:
    m_HighlightedSprite: {fileID: 0}
    m_PressedSprite: {fileID: 0}
    m_SelectedSprite: {fileID: 0}
    m_DisabledSprite: {fileID: 0}
  m_AnimationTriggers:
    m_NormalTrigger: Normal
    m_HighlightedTrigger: Highlighted
    m_PressedTrigger: Pressed
    m_SelectedTrigger: Selected
    m_DisabledTrigger: Disabled
  m_Interactable: 1
  m_TargetGraphic: {fileID: 4149131823415489805}
  m_OnClick:
    m_PersistentCalls:
      m_Calls: []
--- !u!114 &4149131823415489803
MonoBehaviour:
  m_ObjectHideFlags: 0
  m_CorrespondingSourceObject: {fileID: 0}
  m_PrefabInstance: {fileID: 0}
  m_PrefabAsset: {fileID: 0}
  m_GameObject: {fileID: 4149131823415489808}
  m_Enabled: 1
  m_EditorHideFlags: 0
  m_Script: {fileID: 11500000, guid: 3907fb527615fea43914bfeb1e1fe01e, type: 3}
  m_Name: 
  m_EditorClassIdentifier: 
  debuggerPanel: {fileID: 4149131824576542693}
--- !u!1 &4149131824246222477
GameObject:
  m_ObjectHideFlags: 0
  m_CorrespondingSourceObject: {fileID: 0}
  m_PrefabInstance: {fileID: 0}
  m_PrefabAsset: {fileID: 0}
  serializedVersion: 6
  m_Component:
  - component: {fileID: 4149131824246222475}
  m_Layer: 5
  m_Name: DebuggerResource
  m_TagString: Untagged
  m_Icon: {fileID: 0}
  m_NavMeshLayer: 0
  m_StaticEditorFlags: 0
  m_IsActive: 1
--- !u!224 &4149131824246222475
RectTransform:
  m_ObjectHideFlags: 0
  m_CorrespondingSourceObject: {fileID: 0}
  m_PrefabInstance: {fileID: 0}
  m_PrefabAsset: {fileID: 0}
  m_GameObject: {fileID: 4149131824246222477}
  m_LocalRotation: {x: 0, y: 0, z: 0, w: 1}
  m_LocalPosition: {x: 0, y: 0, z: 0}
  m_LocalScale: {x: 1, y: 1, z: 1}
  m_Children:
  - {fileID: 4149131824576542692}
  - {fileID: 4149131823415489807}
  m_Father: {fileID: 0}
  m_RootOrder: 0
  m_LocalEulerAnglesHint: {x: 0, y: 0, z: 0}
  m_AnchorMin: {x: 0, y: 0}
  m_AnchorMax: {x: 0, y: 0}
  m_AnchoredPosition: {x: 0, y: 0}
  m_SizeDelta: {x: 0, y: 0}
  m_Pivot: {x: 0, y: 0}
--- !u!1 &4149131824454839268
GameObject:
  m_ObjectHideFlags: 0
  m_CorrespondingSourceObject: {fileID: 0}
  m_PrefabInstance: {fileID: 0}
  m_PrefabAsset: {fileID: 0}
  serializedVersion: 6
  m_Component:
  - component: {fileID: 4149131824454839267}
  - component: {fileID: 4149131824454839265}
  - component: {fileID: 4149131824454839266}
  m_Layer: 5
  m_Name: Text
  m_TagString: Untagged
  m_Icon: {fileID: 0}
  m_NavMeshLayer: 0
  m_StaticEditorFlags: 0
  m_IsActive: 1
--- !u!224 &4149131824454839267
RectTransform:
  m_ObjectHideFlags: 0
  m_CorrespondingSourceObject: {fileID: 0}
  m_PrefabInstance: {fileID: 0}
  m_PrefabAsset: {fileID: 0}
  m_GameObject: {fileID: 4149131824454839268}
  m_LocalRotation: {x: -0, y: -0, z: -0, w: 1}
  m_LocalPosition: {x: 0, y: 0, z: 0}
  m_LocalScale: {x: 1, y: 1, z: 1}
  m_Children: []
  m_Father: {fileID: 4149131823415489807}
  m_RootOrder: 0
  m_LocalEulerAnglesHint: {x: 0, y: 0, z: 0}
  m_AnchorMin: {x: 0, y: 0}
  m_AnchorMax: {x: 1, y: 1}
  m_AnchoredPosition: {x: 0, y: 0}
  m_SizeDelta: {x: 0, y: 0}
  m_Pivot: {x: 0.5, y: 0.5}
--- !u!222 &4149131824454839265
CanvasRenderer:
  m_ObjectHideFlags: 0
  m_CorrespondingSourceObject: {fileID: 0}
  m_PrefabInstance: {fileID: 0}
  m_PrefabAsset: {fileID: 0}
  m_GameObject: {fileID: 4149131824454839268}
  m_CullTransparentMesh: 1
--- !u!114 &4149131824454839266
MonoBehaviour:
  m_ObjectHideFlags: 0
  m_CorrespondingSourceObject: {fileID: 0}
  m_PrefabInstance: {fileID: 0}
  m_PrefabAsset: {fileID: 0}
  m_GameObject: {fileID: 4149131824454839268}
  m_Enabled: 1
  m_EditorHideFlags: 0
  m_Script: {fileID: 11500000, guid: 5f7201a12d95ffc409449d95f23cf332, type: 3}
  m_Name: 
  m_EditorClassIdentifier: 
  m_Material: {fileID: 0}
  m_Color: {r: 0.19607843, g: 0.19607843, b: 0.19607843, a: 1}
  m_RaycastTarget: 1
  m_RaycastPadding: {x: 0, y: 0, z: 0, w: 0}
  m_Maskable: 1
  m_OnCullStateChanged:
    m_PersistentCalls:
      m_Calls: []
  m_FontData:
    m_Font: {fileID: 10102, guid: 0000000000000000e000000000000000, type: 0}
    m_FontSize: 20
    m_FontStyle: 0
    m_BestFit: 0
    m_MinSize: 2
    m_MaxSize: 40
    m_Alignment: 4
    m_AlignByGeometry: 0
    m_RichText: 1
    m_HorizontalOverflow: 0
    m_VerticalOverflow: 0
    m_LineSpacing: 1
  m_Text: Debug
--- !u!1 &4149131824576542693
GameObject:
  m_ObjectHideFlags: 0
  m_CorrespondingSourceObject: {fileID: 0}
  m_PrefabInstance: {fileID: 0}
  m_PrefabAsset: {fileID: 0}
  serializedVersion: 6
  m_Component:
  - component: {fileID: 4149131824576542692}
  m_Layer: 5
  m_Name: DebuggerArea
  m_TagString: Untagged
  m_Icon: {fileID: 0}
  m_NavMeshLayer: 0
  m_StaticEditorFlags: 0
  m_IsActive: 0
--- !u!224 &4149131824576542692
RectTransform:
  m_ObjectHideFlags: 0
  m_CorrespondingSourceObject: {fileID: 0}
  m_PrefabInstance: {fileID: 0}
  m_PrefabAsset: {fileID: 0}
  m_GameObject: {fileID: 4149131824576542693}
  m_LocalRotation: {x: -0, y: -0, z: -0, w: 1}
  m_LocalPosition: {x: 0, y: 0, z: 0}
  m_LocalScale: {x: 1, y: 1, z: 1}
  m_Children:
  - {fileID: 5904634656499284215}
  - {fileID: 4218179074846591891}
  - {fileID: 4218256853244074700}
  m_Father: {fileID: 4149131824246222475}
  m_RootOrder: 0
  m_LocalEulerAnglesHint: {x: 0, y: 0, z: 0}
  m_AnchorMin: {x: 0, y: 0}
  m_AnchorMax: {x: 1, y: 1}
  m_AnchoredPosition: {x: 65, y: 0}
  m_SizeDelta: {x: -130, y: 0}
  m_Pivot: {x: 0.5, y: 0.5}
--- !u!1001 &4149131823523738121
PrefabInstance:
  m_ObjectHideFlags: 0
  serializedVersion: 2
  m_Modification:
    m_TransformParent: {fileID: 4149131824576542692}
    m_Modifications:
    - target: {fileID: 1292172246486946, guid: 4d8c6c9fba0e46f489b21fd7d92d739d, type: 3}
      propertyPath: m_Name
      value: RuntimeHierarchy
      objectReference: {fileID: 0}
    - target: {fileID: 114514363149991454, guid: 4d8c6c9fba0e46f489b21fd7d92d739d, type: 3}
      propertyPath: m_connectedInspector
      value: 
      objectReference: {fileID: 4036237449863670012}
    - target: {fileID: 114904290214315232, guid: 4d8c6c9fba0e46f489b21fd7d92d739d, type: 3}
      propertyPath: m_Size
      value: 0.67575765
      objectReference: {fileID: 0}
    - target: {fileID: 114904290214315232, guid: 4d8c6c9fba0e46f489b21fd7d92d739d, type: 3}
      propertyPath: m_Value
      value: -0.000004563377
      objectReference: {fileID: 0}
    - target: {fileID: 114909661955982624, guid: 4d8c6c9fba0e46f489b21fd7d92d739d, type: 3}
      propertyPath: m_Size
      value: 1
      objectReference: {fileID: 0}
    - target: {fileID: 114909661955982624, guid: 4d8c6c9fba0e46f489b21fd7d92d739d, type: 3}
      propertyPath: m_Value
      value: 0
      objectReference: {fileID: 0}
    - target: {fileID: 224169921083597234, guid: 4d8c6c9fba0e46f489b21fd7d92d739d, type: 3}
      propertyPath: m_AnchorMax.x
      value: 1
      objectReference: {fileID: 0}
    - target: {fileID: 224169921083597234, guid: 4d8c6c9fba0e46f489b21fd7d92d739d, type: 3}
      propertyPath: m_AnchorMax.y
      value: 1
      objectReference: {fileID: 0}
    - target: {fileID: 224169921083597234, guid: 4d8c6c9fba0e46f489b21fd7d92d739d, type: 3}
      propertyPath: m_SizeDelta.x
      value: -7
      objectReference: {fileID: 0}
    - target: {fileID: 224169921083597234, guid: 4d8c6c9fba0e46f489b21fd7d92d739d, type: 3}
      propertyPath: m_SizeDelta.y
      value: -10
      objectReference: {fileID: 0}
    - target: {fileID: 224267237620762130, guid: 4d8c6c9fba0e46f489b21fd7d92d739d, type: 3}
      propertyPath: m_AnchorMax.y
      value: 1
      objectReference: {fileID: 0}
    - target: {fileID: 224267237620762130, guid: 4d8c6c9fba0e46f489b21fd7d92d739d, type: 3}
      propertyPath: m_AnchorMin.y
      value: 1
      objectReference: {fileID: 0}
    - target: {fileID: 224267237620762130, guid: 4d8c6c9fba0e46f489b21fd7d92d739d, type: 3}
      propertyPath: m_SizeDelta.x
      value: 237.5
      objectReference: {fileID: 0}
    - target: {fileID: 224267237620762130, guid: 4d8c6c9fba0e46f489b21fd7d92d739d, type: 3}
      propertyPath: m_SizeDelta.y
      value: 30
      objectReference: {fileID: 0}
    - target: {fileID: 224267237620762130, guid: 4d8c6c9fba0e46f489b21fd7d92d739d, type: 3}
      propertyPath: m_AnchoredPosition.x
      value: 118.75
      objectReference: {fileID: 0}
    - target: {fileID: 224295187105742780, guid: 4d8c6c9fba0e46f489b21fd7d92d739d, type: 3}
      propertyPath: m_AnchorMax.x
      value: 1
      objectReference: {fileID: 0}
    - target: {fileID: 224295187105742780, guid: 4d8c6c9fba0e46f489b21fd7d92d739d, type: 3}
      propertyPath: m_SizeDelta.x
      value: -7
      objectReference: {fileID: 0}
    - target: {fileID: 224431128458639770, guid: 4d8c6c9fba0e46f489b21fd7d92d739d, type: 3}
      propertyPath: m_Pivot.x
      value: 0.5
      objectReference: {fileID: 0}
    - target: {fileID: 224431128458639770, guid: 4d8c6c9fba0e46f489b21fd7d92d739d, type: 3}
      propertyPath: m_Pivot.y
      value: 0.5
      objectReference: {fileID: 0}
    - target: {fileID: 224431128458639770, guid: 4d8c6c9fba0e46f489b21fd7d92d739d, type: 3}
      propertyPath: m_RootOrder
      value: 1
      objectReference: {fileID: 0}
    - target: {fileID: 224431128458639770, guid: 4d8c6c9fba0e46f489b21fd7d92d739d, type: 3}
      propertyPath: m_AnchorMax.x
      value: 0.25
      objectReference: {fileID: 0}
    - target: {fileID: 224431128458639770, guid: 4d8c6c9fba0e46f489b21fd7d92d739d, type: 3}
      propertyPath: m_AnchorMax.y
      value: 1
      objectReference: {fileID: 0}
    - target: {fileID: 224431128458639770, guid: 4d8c6c9fba0e46f489b21fd7d92d739d, type: 3}
      propertyPath: m_AnchorMin.x
      value: 0
      objectReference: {fileID: 0}
    - target: {fileID: 224431128458639770, guid: 4d8c6c9fba0e46f489b21fd7d92d739d, type: 3}
      propertyPath: m_AnchorMin.y
      value: 0
      objectReference: {fileID: 0}
    - target: {fileID: 224431128458639770, guid: 4d8c6c9fba0e46f489b21fd7d92d739d, type: 3}
      propertyPath: m_SizeDelta.x
      value: 0
      objectReference: {fileID: 0}
    - target: {fileID: 224431128458639770, guid: 4d8c6c9fba0e46f489b21fd7d92d739d, type: 3}
      propertyPath: m_SizeDelta.y
      value: 0
      objectReference: {fileID: 0}
    - target: {fileID: 224431128458639770, guid: 4d8c6c9fba0e46f489b21fd7d92d739d, type: 3}
      propertyPath: m_LocalScale.x
      value: 1
      objectReference: {fileID: 0}
    - target: {fileID: 224431128458639770, guid: 4d8c6c9fba0e46f489b21fd7d92d739d, type: 3}
      propertyPath: m_LocalScale.y
      value: 1
      objectReference: {fileID: 0}
    - target: {fileID: 224431128458639770, guid: 4d8c6c9fba0e46f489b21fd7d92d739d, type: 3}
      propertyPath: m_LocalScale.z
      value: 1
      objectReference: {fileID: 0}
    - target: {fileID: 224431128458639770, guid: 4d8c6c9fba0e46f489b21fd7d92d739d, type: 3}
      propertyPath: m_LocalPosition.x
      value: 0
      objectReference: {fileID: 0}
    - target: {fileID: 224431128458639770, guid: 4d8c6c9fba0e46f489b21fd7d92d739d, type: 3}
      propertyPath: m_LocalPosition.y
      value: 0
      objectReference: {fileID: 0}
    - target: {fileID: 224431128458639770, guid: 4d8c6c9fba0e46f489b21fd7d92d739d, type: 3}
      propertyPath: m_LocalPosition.z
      value: 0
      objectReference: {fileID: 0}
    - target: {fileID: 224431128458639770, guid: 4d8c6c9fba0e46f489b21fd7d92d739d, type: 3}
      propertyPath: m_LocalRotation.w
      value: 1
      objectReference: {fileID: 0}
    - target: {fileID: 224431128458639770, guid: 4d8c6c9fba0e46f489b21fd7d92d739d, type: 3}
      propertyPath: m_LocalRotation.x
      value: -0
      objectReference: {fileID: 0}
    - target: {fileID: 224431128458639770, guid: 4d8c6c9fba0e46f489b21fd7d92d739d, type: 3}
      propertyPath: m_LocalRotation.y
      value: -0
      objectReference: {fileID: 0}
    - target: {fileID: 224431128458639770, guid: 4d8c6c9fba0e46f489b21fd7d92d739d, type: 3}
      propertyPath: m_LocalRotation.z
      value: -0
      objectReference: {fileID: 0}
    - target: {fileID: 224431128458639770, guid: 4d8c6c9fba0e46f489b21fd7d92d739d, type: 3}
      propertyPath: m_AnchoredPosition.x
      value: 0
      objectReference: {fileID: 0}
    - target: {fileID: 224431128458639770, guid: 4d8c6c9fba0e46f489b21fd7d92d739d, type: 3}
      propertyPath: m_AnchoredPosition.y
      value: 0
      objectReference: {fileID: 0}
    - target: {fileID: 224431128458639770, guid: 4d8c6c9fba0e46f489b21fd7d92d739d, type: 3}
      propertyPath: m_LocalEulerAnglesHint.x
      value: 0
      objectReference: {fileID: 0}
    - target: {fileID: 224431128458639770, guid: 4d8c6c9fba0e46f489b21fd7d92d739d, type: 3}
      propertyPath: m_LocalEulerAnglesHint.y
      value: 0
      objectReference: {fileID: 0}
    - target: {fileID: 224431128458639770, guid: 4d8c6c9fba0e46f489b21fd7d92d739d, type: 3}
      propertyPath: m_LocalEulerAnglesHint.z
      value: 0
      objectReference: {fileID: 0}
    - target: {fileID: 224685037686054822, guid: 4d8c6c9fba0e46f489b21fd7d92d739d, type: 3}
      propertyPath: m_AnchoredPosition.x
      value: 0
      objectReference: {fileID: 0}
    - target: {fileID: 224685037686054822, guid: 4d8c6c9fba0e46f489b21fd7d92d739d, type: 3}
      propertyPath: m_AnchoredPosition.y
      value: 214.00098
      objectReference: {fileID: 0}
    - target: {fileID: 224818740107539070, guid: 4d8c6c9fba0e46f489b21fd7d92d739d, type: 3}
      propertyPath: m_AnchorMax.x
      value: 0.99999994
      objectReference: {fileID: 0}
    - target: {fileID: 224818740107539070, guid: 4d8c6c9fba0e46f489b21fd7d92d739d, type: 3}
      propertyPath: m_AnchorMax.y
      value: 1
      objectReference: {fileID: 0}
    - target: {fileID: 224818740107539070, guid: 4d8c6c9fba0e46f489b21fd7d92d739d, type: 3}
      propertyPath: m_AnchorMin.x
      value: 0
      objectReference: {fileID: 0}
    - target: {fileID: 224859864417513336, guid: 4d8c6c9fba0e46f489b21fd7d92d739d, type: 3}
      propertyPath: m_AnchorMax.y
      value: 1
      objectReference: {fileID: 0}
    - target: {fileID: 224859864417513336, guid: 4d8c6c9fba0e46f489b21fd7d92d739d, type: 3}
      propertyPath: m_SizeDelta.y
      value: -10
      objectReference: {fileID: 0}
    - target: {fileID: 224894731960171786, guid: 4d8c6c9fba0e46f489b21fd7d92d739d, type: 3}
      propertyPath: m_AnchorMax.x
      value: 1
      objectReference: {fileID: 0}
    - target: {fileID: 224894731960171786, guid: 4d8c6c9fba0e46f489b21fd7d92d739d, type: 3}
      propertyPath: m_AnchorMax.y
      value: 0.67575765
      objectReference: {fileID: 0}
    - target: {fileID: 224894731960171786, guid: 4d8c6c9fba0e46f489b21fd7d92d739d, type: 3}
      propertyPath: m_AnchorMin.y
      value: 0
      objectReference: {fileID: 0}
    - target: {fileID: 224966384908570688, guid: 4d8c6c9fba0e46f489b21fd7d92d739d, type: 3}
      propertyPath: m_AnchorMax.y
      value: 1
      objectReference: {fileID: 0}
    - target: {fileID: 224966384908570688, guid: 4d8c6c9fba0e46f489b21fd7d92d739d, type: 3}
      propertyPath: m_AnchorMin.y
      value: 1
      objectReference: {fileID: 0}
    - target: {fileID: 224966384908570688, guid: 4d8c6c9fba0e46f489b21fd7d92d739d, type: 3}
      propertyPath: m_SizeDelta.x
      value: 237.5
      objectReference: {fileID: 0}
    - target: {fileID: 224966384908570688, guid: 4d8c6c9fba0e46f489b21fd7d92d739d, type: 3}
      propertyPath: m_SizeDelta.y
      value: 456.00003
      objectReference: {fileID: 0}
    - target: {fileID: 224966384908570688, guid: 4d8c6c9fba0e46f489b21fd7d92d739d, type: 3}
      propertyPath: m_AnchoredPosition.x
      value: 118.75
      objectReference: {fileID: 0}
    - target: {fileID: 224966384908570688, guid: 4d8c6c9fba0e46f489b21fd7d92d739d, type: 3}
      propertyPath: m_AnchoredPosition.y
      value: -258
      objectReference: {fileID: 0}
    m_RemovedComponents: []
  m_SourcePrefab: {fileID: 100100000, guid: 4d8c6c9fba0e46f489b21fd7d92d739d, type: 3}
--- !u!224 &4218179074846591891 stripped
RectTransform:
  m_CorrespondingSourceObject: {fileID: 224431128458639770, guid: 4d8c6c9fba0e46f489b21fd7d92d739d, type: 3}
  m_PrefabInstance: {fileID: 4149131823523738121}
  m_PrefabAsset: {fileID: 0}
--- !u!114 &4035923859505581079 stripped
MonoBehaviour:
  m_CorrespondingSourceObject: {fileID: 114514363149991454, guid: 4d8c6c9fba0e46f489b21fd7d92d739d, type: 3}
  m_PrefabInstance: {fileID: 4149131823523738121}
  m_PrefabAsset: {fileID: 0}
  m_GameObject: {fileID: 0}
  m_Enabled: 1
  m_EditorHideFlags: 0
  m_Script: {fileID: 11500000, guid: 6000098be4011544882ebd2697b8d610, type: 3}
  m_Name: 
  m_EditorClassIdentifier: 
--- !u!1001 &4149131825012973138
PrefabInstance:
  m_ObjectHideFlags: 0
  serializedVersion: 2
  m_Modification:
    m_TransformParent: {fileID: 4149131824576542692}
    m_Modifications:
    - target: {fileID: 1530605722893704, guid: d39ad26c554f1a04d870956f7fac6fd8, type: 3}
      propertyPath: m_Name
      value: RuntimeInspector
      objectReference: {fileID: 0}
    - target: {fileID: 1530605722893704, guid: d39ad26c554f1a04d870956f7fac6fd8, type: 3}
      propertyPath: m_IsActive
      value: 1
      objectReference: {fileID: 0}
    - target: {fileID: 114221791403470060, guid: d39ad26c554f1a04d870956f7fac6fd8, type: 3}
      propertyPath: m_Size
      value: 1
      objectReference: {fileID: 0}
    - target: {fileID: 114221791403470060, guid: d39ad26c554f1a04d870956f7fac6fd8, type: 3}
      propertyPath: m_Value
      value: 0
      objectReference: {fileID: 0}
    - target: {fileID: 114619663520511662, guid: d39ad26c554f1a04d870956f7fac6fd8, type: 3}
      propertyPath: m_connectedHierarchy
      value: 
      objectReference: {fileID: 4035923859505581079}
    - target: {fileID: 224201602812756600, guid: d39ad26c554f1a04d870956f7fac6fd8, type: 3}
      propertyPath: m_AnchorMax.x
      value: 1
      objectReference: {fileID: 0}
    - target: {fileID: 224201602812756600, guid: d39ad26c554f1a04d870956f7fac6fd8, type: 3}
      propertyPath: m_AnchorMax.y
      value: 1
      objectReference: {fileID: 0}
    - target: {fileID: 224201602812756600, guid: d39ad26c554f1a04d870956f7fac6fd8, type: 3}
      propertyPath: m_SizeDelta.x
      value: -7
      objectReference: {fileID: 0}
    - target: {fileID: 224732714809946368, guid: d39ad26c554f1a04d870956f7fac6fd8, type: 3}
      propertyPath: m_AnchorMax.x
      value: 1
      objectReference: {fileID: 0}
    - target: {fileID: 224732714809946368, guid: d39ad26c554f1a04d870956f7fac6fd8, type: 3}
      propertyPath: m_AnchorMax.y
      value: 1
      objectReference: {fileID: 0}
    - target: {fileID: 224841020572500472, guid: d39ad26c554f1a04d870956f7fac6fd8, type: 3}
      propertyPath: m_SizeDelta.y
      value: 20
      objectReference: {fileID: 0}
    - target: {fileID: 224841020572500472, guid: d39ad26c554f1a04d870956f7fac6fd8, type: 3}
      propertyPath: m_AnchoredPosition.y
      value: -0.000030517578
      objectReference: {fileID: 0}
    - target: {fileID: 224880000733725854, guid: d39ad26c554f1a04d870956f7fac6fd8, type: 3}
      propertyPath: m_Pivot.x
      value: 0.5
      objectReference: {fileID: 0}
    - target: {fileID: 224880000733725854, guid: d39ad26c554f1a04d870956f7fac6fd8, type: 3}
      propertyPath: m_Pivot.y
      value: 0.5
      objectReference: {fileID: 0}
    - target: {fileID: 224880000733725854, guid: d39ad26c554f1a04d870956f7fac6fd8, type: 3}
      propertyPath: m_RootOrder
      value: 2
      objectReference: {fileID: 0}
    - target: {fileID: 224880000733725854, guid: d39ad26c554f1a04d870956f7fac6fd8, type: 3}
      propertyPath: m_AnchorMax.x
      value: 0.7
      objectReference: {fileID: 0}
    - target: {fileID: 224880000733725854, guid: d39ad26c554f1a04d870956f7fac6fd8, type: 3}
      propertyPath: m_AnchorMax.y
      value: 1
      objectReference: {fileID: 0}
    - target: {fileID: 224880000733725854, guid: d39ad26c554f1a04d870956f7fac6fd8, type: 3}
      propertyPath: m_AnchorMin.x
      value: 0.5
      objectReference: {fileID: 0}
    - target: {fileID: 224880000733725854, guid: d39ad26c554f1a04d870956f7fac6fd8, type: 3}
      propertyPath: m_AnchorMin.y
      value: 0
      objectReference: {fileID: 0}
    - target: {fileID: 224880000733725854, guid: d39ad26c554f1a04d870956f7fac6fd8, type: 3}
      propertyPath: m_SizeDelta.x
      value: 95
      objectReference: {fileID: 0}
    - target: {fileID: 224880000733725854, guid: d39ad26c554f1a04d870956f7fac6fd8, type: 3}
      propertyPath: m_SizeDelta.y
      value: 0
      objectReference: {fileID: 0}
    - target: {fileID: 224880000733725854, guid: d39ad26c554f1a04d870956f7fac6fd8, type: 3}
      propertyPath: m_LocalScale.x
      value: 1
      objectReference: {fileID: 0}
    - target: {fileID: 224880000733725854, guid: d39ad26c554f1a04d870956f7fac6fd8, type: 3}
      propertyPath: m_LocalScale.y
      value: 1
      objectReference: {fileID: 0}
    - target: {fileID: 224880000733725854, guid: d39ad26c554f1a04d870956f7fac6fd8, type: 3}
      propertyPath: m_LocalScale.z
      value: 1
      objectReference: {fileID: 0}
    - target: {fileID: 224880000733725854, guid: d39ad26c554f1a04d870956f7fac6fd8, type: 3}
      propertyPath: m_LocalPosition.x
      value: 0
      objectReference: {fileID: 0}
    - target: {fileID: 224880000733725854, guid: d39ad26c554f1a04d870956f7fac6fd8, type: 3}
      propertyPath: m_LocalPosition.y
      value: 0
      objectReference: {fileID: 0}
    - target: {fileID: 224880000733725854, guid: d39ad26c554f1a04d870956f7fac6fd8, type: 3}
      propertyPath: m_LocalPosition.z
      value: 0
      objectReference: {fileID: 0}
    - target: {fileID: 224880000733725854, guid: d39ad26c554f1a04d870956f7fac6fd8, type: 3}
      propertyPath: m_LocalRotation.w
      value: 1
      objectReference: {fileID: 0}
    - target: {fileID: 224880000733725854, guid: d39ad26c554f1a04d870956f7fac6fd8, type: 3}
      propertyPath: m_LocalRotation.x
      value: -0
      objectReference: {fileID: 0}
    - target: {fileID: 224880000733725854, guid: d39ad26c554f1a04d870956f7fac6fd8, type: 3}
      propertyPath: m_LocalRotation.y
      value: -0
      objectReference: {fileID: 0}
    - target: {fileID: 224880000733725854, guid: d39ad26c554f1a04d870956f7fac6fd8, type: 3}
      propertyPath: m_LocalRotation.z
      value: -0
      objectReference: {fileID: 0}
    - target: {fileID: 224880000733725854, guid: d39ad26c554f1a04d870956f7fac6fd8, type: 3}
      propertyPath: m_AnchoredPosition.x
      value: 47.5
      objectReference: {fileID: 0}
    - target: {fileID: 224880000733725854, guid: d39ad26c554f1a04d870956f7fac6fd8, type: 3}
      propertyPath: m_AnchoredPosition.y
      value: 0
      objectReference: {fileID: 0}
    - target: {fileID: 224880000733725854, guid: d39ad26c554f1a04d870956f7fac6fd8, type: 3}
      propertyPath: m_LocalEulerAnglesHint.x
      value: 0
      objectReference: {fileID: 0}
    - target: {fileID: 224880000733725854, guid: d39ad26c554f1a04d870956f7fac6fd8, type: 3}
      propertyPath: m_LocalEulerAnglesHint.y
      value: 0
      objectReference: {fileID: 0}
    - target: {fileID: 224880000733725854, guid: d39ad26c554f1a04d870956f7fac6fd8, type: 3}
      propertyPath: m_LocalEulerAnglesHint.z
      value: 0
      objectReference: {fileID: 0}
    m_RemovedComponents: []
  m_SourcePrefab: {fileID: 100100000, guid: d39ad26c554f1a04d870956f7fac6fd8, type: 3}
--- !u!224 &4218256853244074700 stripped
RectTransform:
  m_CorrespondingSourceObject: {fileID: 224880000733725854, guid: d39ad26c554f1a04d870956f7fac6fd8, type: 3}
  m_PrefabInstance: {fileID: 4149131825012973138}
  m_PrefabAsset: {fileID: 0}
--- !u!114 &4036237449863670012 stripped
MonoBehaviour:
  m_CorrespondingSourceObject: {fileID: 114619663520511662, guid: d39ad26c554f1a04d870956f7fac6fd8, type: 3}
  m_PrefabInstance: {fileID: 4149131825012973138}
  m_PrefabAsset: {fileID: 0}
  m_GameObject: {fileID: 0}
  m_Enabled: 1
  m_EditorHideFlags: 0
  m_Script: {fileID: 11500000, guid: 30158715ff59ef442aeceebc655d1b73, type: 3}
  m_Name: 
  m_EditorClassIdentifier: 
--- !u!1001 &5904634656499666079
PrefabInstance:
  m_ObjectHideFlags: 0
  serializedVersion: 2
  m_Modification:
    m_TransformParent: {fileID: 4149131824576542692}
    m_Modifications:
    - target: {fileID: 183544, guid: 6d0acc00cc82d436b9d11446d2ddfef6, type: 3}
      propertyPath: m_Name
      value: LunarConsole
      objectReference: {fileID: 0}
    - target: {fileID: 406632, guid: 6d0acc00cc82d436b9d11446d2ddfef6, type: 3}
      propertyPath: m_RootOrder
      value: 0
      objectReference: {fileID: 0}
    - target: {fileID: 406632, guid: 6d0acc00cc82d436b9d11446d2ddfef6, type: 3}
      propertyPath: m_LocalPosition.x
      value: 0
      objectReference: {fileID: 0}
    - target: {fileID: 406632, guid: 6d0acc00cc82d436b9d11446d2ddfef6, type: 3}
      propertyPath: m_LocalPosition.y
      value: 0
      objectReference: {fileID: 0}
    - target: {fileID: 406632, guid: 6d0acc00cc82d436b9d11446d2ddfef6, type: 3}
      propertyPath: m_LocalPosition.z
      value: 0
      objectReference: {fileID: 0}
    - target: {fileID: 406632, guid: 6d0acc00cc82d436b9d11446d2ddfef6, type: 3}
      propertyPath: m_LocalRotation.w
      value: 1
      objectReference: {fileID: 0}
    - target: {fileID: 406632, guid: 6d0acc00cc82d436b9d11446d2ddfef6, type: 3}
      propertyPath: m_LocalRotation.x
      value: 0
      objectReference: {fileID: 0}
    - target: {fileID: 406632, guid: 6d0acc00cc82d436b9d11446d2ddfef6, type: 3}
      propertyPath: m_LocalRotation.y
      value: 0
      objectReference: {fileID: 0}
    - target: {fileID: 406632, guid: 6d0acc00cc82d436b9d11446d2ddfef6, type: 3}
      propertyPath: m_LocalRotation.z
      value: 0
      objectReference: {fileID: 0}
    - target: {fileID: 406632, guid: 6d0acc00cc82d436b9d11446d2ddfef6, type: 3}
      propertyPath: m_LocalEulerAnglesHint.x
      value: 0
      objectReference: {fileID: 0}
    - target: {fileID: 406632, guid: 6d0acc00cc82d436b9d11446d2ddfef6, type: 3}
      propertyPath: m_LocalEulerAnglesHint.y
      value: 0
      objectReference: {fileID: 0}
    - target: {fileID: 406632, guid: 6d0acc00cc82d436b9d11446d2ddfef6, type: 3}
      propertyPath: m_LocalEulerAnglesHint.z
      value: 0
      objectReference: {fileID: 0}
    m_RemovedComponents: []
  m_SourcePrefab: {fileID: 100100000, guid: 6d0acc00cc82d436b9d11446d2ddfef6, type: 3}
--- !u!4 &5904634656499284215 stripped
Transform:
  m_CorrespondingSourceObject: {fileID: 406632, guid: 6d0acc00cc82d436b9d11446d2ddfef6, type: 3}
  m_PrefabInstance: {fileID: 5904634656499666079}
  m_PrefabAsset: {fileID: 0}
